<record><leader>00000cas a22000007a 4500</leader><controlfield tag="001">28038433</controlfield><controlfield tag="008">930504u1900uuuuiauwr ne      0    0eng d</controlfield><datafield ind1=" " ind2=" " tag="010"><subfield code="a">sn 93063599 </subfield></datafield><datafield ind1=" " ind2=" " tag="040"><subfield code="a">NYS</subfield><subfield code="b">eng</subfield><subfield code="c">NYS</subfield><subfield code="d">OCLCQ</subfield></datafield><datafield ind1=" " ind2=" " tag="042"><subfield code="a">msc</subfield></datafield><datafield ind1="0" ind2="0" tag="245"><subfield code="a">Low Moor independent.</subfield></datafield><datafield ind1="1" ind2="3" tag="246"><subfield code="a">Courier</subfield></datafield><datafield ind1="1" ind2="3" tag="246"><subfield code="a">Independent</subfield></datafield><datafield ind1="1" ind2="3" tag="246"><subfield code="a">Courier-independent</subfield></datafield><datafield ind1=" " ind2=" " tag="260"><subfield code="a">Low Moor, Iowa :</subfield><subfield code="b">Courier Pub. Co.</subfield></datafield><datafield ind1=" " ind2=" " tag="300"><subfield code="a">v.</subfield></datafield><datafield ind1=" " ind2=" " tag="310"><subfield code="a">Weekly</subfield></datafield><datafield ind1="1" ind2=" " tag="362"><subfield code="a">Began in 1900.</subfield></datafield><datafield ind1=" " ind2=" " tag="500"><subfield code="a">W.L. Dannatt, local editor.</subfield></datafield><datafield ind1=" " ind2=" " tag="588"><subfield code="a">Description based on: Vol. 1, no. 2 (Aug. 9, 1900).</subfield></datafield><datafield ind1=" " ind2="4" tag="651"><subfield code="a">Low Moor (Iowa)</subfield><subfield code="v">Newspapers.</subfield></datafield><datafield ind1=" " ind2="4" tag="651"><subfield code="a">Clinton County (Iowa)</subfield><subfield code="v">Newspapers.</subfield></datafield><datafield ind1=" " ind2=" " tag="752"><subfield code="a">United States</subfield><subfield code="b">Iowa</subfield><subfield code="c">Clinton</subfield><subfield code="d">Low Moor.</subfield></datafield><datafield ind1="0" ind2=" " tag="777"><subfield code="t">Camanche courier</subfield><subfield code="w">(DLC)sn 93063593</subfield><subfield code="w">(OCoLC)27984112</subfield></datafield></record>